@inproceedings{oliveira2016disjoint,
  title={Disjoint intersection types},
  author={Oliveira, Bruno C. d. S. and Shi, Zhiyuan and Alpuim, Joao},
  booktitle={Proceedings of the 21st ACM SIGPLAN International Conference on Functional Programming},
  pages={364--377},
  year={2016}
}

@incollection{gunnerson2012nullable,
  title={Nullable Types},
  author={Gunnerson, Eric},
  booktitle={A Programmer’s Guide to C\# 5.0},
  pages={247--250},
  year={2012},
  publisher={Springer}
}

@InProceedings{CliftonLCM2000,
author = {Clifton, Curtis and Leavens, Gary T. and Chambers, Craig and Millstein, Todd},
title = {MultiJava: Modular Open Classes and Symmetric Multiple Dispatch for Java},
year = {2000},
booktitle = {Proceedings of the 15th ACM SIGPLAN Conference on Object-Oriented Programming, Systems, Languages, and Applications},
pages = {130–145},
numpages = {16},
series = {OOPSLA '00}
}

@InCollection{Chambers92,
  Key =   "Chambers",
  Author =  "Craig Chambers",
  Title = "Object-Oriented Multi-Methods in {Cecil}",
  BookTitle =   "ECOOP '92, European Conference on Object-Oriented Programming,
     Utrecht, The Netherlands",
  Publisher =   "Springer-Verlag",
  Year =  1992,
  Editor =  "Ole Lehrmann Madsen",
  Volume =      615,
  Pages = "33-56",
  Annote =  "40 references"
}

@InProceedings{bi_et_al:LIPIcs:2018:9227,
  author =  {Bi, Xuan and Oliveira, Bruno C. d. S. and Schrijvers, Tom},
  title = {{The Essence of Nested Composition}},
  booktitle = {European Conference on Object-Oriented Programming  (ECOOP)},
  year =  {2018},
}

@inproceedings{alpuimdisjoint,
  title={Disjoint Polymorphism},
  author={Alpuim, Jo{\~a}o and Oliveira, Bruno C. d. S. and Shi, Zhiyuan},
  booktitle = {European Symposium on Programming (ESOP)},
  year={2017}
}

@article{ DBLP:journals/toplas/IgarashiPW01,
  author    = {Atsushi Igarashi and Benjamin C. Pierce and Philip Wadler},
  title     = {Featherweight Java: a minimal core calculus for Java and GJ},
  journal   = {ACM Trans. Program. Lang. Syst.},
  pages   = {396-450},
  volume   = {23},
  number   = {3},
  ee   = {http://doi.acm.org/10.1145/503502.503505} ,
  year   = {2001}
}

@InProceedings{nieto20nulls,
  author =  {Abel Nieto and Yaoyu Zhao and Ondřej Lhot{\'a}k and Angela Chang and Justin Pu},
  title = {{Scala with Explicit Nulls}},
  booktitle = {34th European Conference on Object-Oriented Programming (ECOOP 2020)},
  pages = {25:1--25:26},
  series =  {Leibniz International Proceedings in Informatics (LIPIcs)},
  year =  {2020}
}

@techreport{ hope,
    AUTHOR = "R. M. Burstall and D. B. MacQueen and D. T. Sannella",
    TITLE = "HOPE: An experimental applicative Language",
    INSTITUTION = "Computer Science Dept, Univ. of Edinburgh",
    NUMBER = "CSR-62-80",
    YEAR = 1981
    }

@inproceedings{ garrigue98,
author = {Jacques Garrigue},
title = {Programming with polymorphic variants},
booktitle = {{ML} workshop},
year = {1998}
}

@inproceedings{macqueen1984ideal,
  title={An ideal model for recursive polymorphic types},
  author={MacQueen, David and Plotkin, Gordon and Sethi, Ravi},
  booktitle={Proceedings of the 11th ACM SIGACT-SIGPLAN symposium on Principles of programming languages},
  pages={165--174},
  year={1984}
}

@techreport{pierce1991programming,
  title={Programming with intersection types, union types},
  author={Pierce, Benjamin C},
  year={1991},
  institution={and polymorphism. Technical Report CMU-CS-91-106, Carnegie Mellon University}
}

@article{barbanera1995intersection,
  title={Intersection and union types: syntax and semantics},
  author={Barbanera, Franco and Dezaniciancaglini, Mariangiola and Deliguoro, Ugo},
  journal={Information and Computation},
  volume={119},
  number={2},
  pages={202--230},
  year={1995},
  publisher={Elsevier}
}

@article{muehlboeck2018empowering,
  title={Empowering union and intersection types with integrated subtyping},
  author={Muehlboeck, Fabian and Tate, Ross},
  journal={Proceedings of the ACM on Programming Languages},
  volume={2},
  number={OOPSLA},
  pages={1--29},
  year={2018},
  publisher={ACM New York, NY, USA}
}

@inproceedings{freeman1991refinement,
  title={Refinement types for ML},
  author={Freeman, Tim and Pfenning, Frank},
  booktitle={Proceedings of the ACM SIGPLAN 1991 conference on Programming language design and implementation},
  pages={268--277},
  year={1991}
}

@article{hosoya2003xduce,
  title={XDuce: A statically typed XML processing language},
  author={Hosoya, Haruo and Pierce, Benjamin C},
  journal={ACM Transactions on Internet Technology (TOIT)},
  volume={3},
  number={2},
  pages={117--148},
  year={2003},
  publisher={ACM New York, NY, USA}
}

@article{benzaken2003cduce,
  title={CDuce: an XML-centric general-purpose language},
  author={Benzaken, V{\'e}ronique and Castagna, Giuseppe and Frisch, Alain},
  journal={ACM SIGPLAN Notices},
  volume={38},
  number={9},
  pages={51--63},
  year={2003},
  publisher={ACM New York, NY, USA}
}

@article{fallside2001xml,
  title={XML Schema Part 0: Primer, W3C Recommendation},
  author={Fallside, David C},
  journal={http://www. w3. org/TR/xmlschema-0},
  year={2001}
}

@article{dunfield2014elaborating,
  title={Elaborating intersection and union types},
  author={Dunfield, Joshua},
  journal={Journal of Functional Programming},
  volume={24},
  number={2-3},
  pages={133--165},
  year={2014},
  publisher={Cambridge University Press}
}

@article{castagna2017gradual,
  title={Gradual typing with union and intersection types},
  author={Castagna, Giuseppe and Lanvin, Victor},
  journal={Proceedings of the ACM on Programming Languages},
  volume={1},
  number={ICFP},
  pages={1--28},
  year={2017},
  publisher={ACM New York, NY, USA}
}

@article{coppo1981functional,
  title={Functional characters of solvable terms},
  author={Coppo, Mario and Dezani-Ciancaglini, Mariangiola and Venneri, Betti},
  journal={Mathematical Logic Quarterly},
  volume={27},
  number={2-6},
  pages={45--58},
  year={1981},
  publisher={Wiley Online Library}
}

@article{pottinger1980type,
  title={A type assignment for the strongly normalizable $\lambda$-terms},
  author={Pottinger, Garrel},
  journal={To HB Curry: essays on combinatory logic, lambda calculus and formalism},
  pages={561--577},
  year={1980},
  publisher={Citeseer}
}

@article{reynolds1988preliminary,
  title={Preliminary design of the programming language Forsythe},
  author={Reynolds, John C},
  year={1988}
}

@article{tobin2008design,
  title={The design and implementation of Typed Scheme},
  author={Tobin-Hochstadt, Sam and Felleisen, Matthias},
  journal={ACM SIGPLAN Notices},
  volume={43},
  number={1},
  pages={395--406},
  year={2008},
  publisher={ACM New York, NY, USA}
}

@article{castagna2019revisiting,
  title={Revisiting Occurrence Typing},
  author={Castagna, Giuseppe and Lanvin, Victor and Laurent, Micka{\"e}l and Nguyen, Kim},
  journal={arXiv preprint arXiv:1907.05590},
  year={2019}
}

@inproceedings{wadler1989make,
  title={How to make ad-hoc polymorphism less ad hoc},
  author={Wadler, Philip and Blott, Stephen},
  booktitle={Proceedings of the 16th ACM SIGPLAN-SIGACT symposium on Principles of programming languages},
  pages={60--76},
  year={1989}
}

@article{castagna1995calculus,
  title={A calculus for overloaded functions with subtyping},
  author={Castagna, Giuseppe and Ghelli, Giorgio and Longo, Giuseppe},
  journal={Information and Computation},
  volume={117},
  number={1},
  pages={115--135},
  year={1995},
  publisher={Elsevier}
}

@article{cardelli1985understanding,
  title={On understanding types, data abstraction, and polymorphism},
  author={Cardelli, Luca and Wegner, Peter},
  journal={ACM Computing Surveys (CSUR)},
  volume={17},
  number={4},
  pages={471--523},
  year={1985},
  publisher={ACM New York, NY, USA}
}

@article{stuckey2005theory,
  title={A theory of overloading},
  author={Stuckey, Peter J and Sulzmann, Martin},
  journal={Acm transactions on programming languages and systems (toplas)},
  volume={27},
  number={6},
  pages={1216--1269},
  year={2005},
  publisher={ACM New York, NY, USA}
}

@InProceedings{Huang:typedirected,
  author =  {Huang, Xuejing and Oliveira, Bruno C. d. S.},
  title = {{A Type-Directed Operational Semantics For a Calculus with a Merge Operator}},
  booktitle = {34th European Conference on Object-Oriented Programming (ECOOP 2020)},
  pages = {26:1--26:32},
  series =  {Leibniz International Proceedings in Informatics (LIPIcs)},
  ISBN =  {978-3-95977-154-2},
  ISSN =  {1868-8969},
  year =  {2020},
  volume =  {166},
  editor =  {Robert Hirschfeld and Tobias Pape},
  publisher = {Schloss Dagstuhl--Leibniz-Zentrum f{\"u}r Informatik},
  address = {Dagstuhl, Germany},
  URL =   {https://drops.dagstuhl.de/opus/volltexte/2020/13183},
  URN =   {urn:nbn:de:0030-drops-131832},
  doi =   {10.4230/LIPIcs.ECOOP.2020.26},
  annote =  {Keywords: operational semantics, type systems, intersection types}
}

@INPROCEEDINGS{Siek06gradualtyping,
    author = {Jeremy G. Siek and Walid Taha},
    title = {Gradual Typing for Functional Languages},
    booktitle = {IN SCHEME AND FUNCTIONAL PROGRAMMING WORKSHOP},
    year = {2006},
    pages = {81--92},
    publisher = {}
}

@article{pierce2000local,
  title={Local type inference},
  author={Pierce, Benjamin C and Turner, David N},
  journal={ACM Transactions on Programming Languages and Systems (TOPLAS)},
  volume={22},
  number={1},
  pages={1--44},
  year={2000},
  publisher={ACM New York, NY, USA}
}

@inproceedings{davies2000intersection,
  title={Intersection types and computational effects},
  author={Davies, Rowan and Pfenning, Frank},
  booktitle={Proceedings of the fifth ACM SIGPLAN international conference on Functional programming},
  pages={198--208},
  year={2000}
}

@article{barendregt1983filter,
  title={A filter lambda model and the completeness of type assignment},
  author={Barendregt, Henk and Coppo, Mario and Dezani-Ciancaglini, Mariangiola},
  journal={The journal of symbolic logic},
  volume={48},
  number={4},
  pages={931--940},
  year={1983},
  publisher={JSTOR}
}

@inproceedings{dunfield2003type,
  title={Type assignment for intersections and unions in call-by-value languages},
  author={Dunfield, Joshua and Pfenning, Frank},
  booktitle={International Conference on Foundations of Software Science and Computation Structures},
  pages={250--266},
  year={2003},
  organization={Springer}
}

@inproceedings{frisch2002semantic,
  title={Semantic subtyping},
  author={Frisch, Alain and Castagna, Giuseppe and Benzaken, V{\'e}ronique},
  booktitle={Proceedings 17th Annual IEEE Symposium on Logic in Computer Science},
  pages={137--146},
  year={2002},
  organization={IEEE}
}

@inproceedings{castagna2005gentle,
  title={A gentle introduction to semantic subtyping},
  author={Castagna, Giuseppe and Frisch, Alain},
  booktitle={Proceedings of the 7th ACM SIGPLAN international conference on Principles and practice of declarative programming},
  pages={198--199},
  year={2005}
}

@article{frisch2008semantic,
  title={Semantic subtyping: Dealing set-theoretically with function, union, intersection, and negation types},
  author={Frisch, Alain and Castagna, Giuseppe and Benzaken, V{\'e}ronique},
  journal={Journal of the ACM (JACM)},
  volume={55},
  number={4},
  pages={1--64},
  year={2008},
  publisher={ACM New York, NY, USA}
}

@inproceedings{tobin2010logical,
  title={Logical types for untyped languages},
  author={Tobin-Hochstadt, Sam and Felleisen, Matthias},
  booktitle={Proceedings of the 15th ACM SIGPLAN international conference on Functional programming},
  pages={117--128},
  year={2010}
}

@inproceedings{Tobin:typedscheme,
author = {Tobin-Hochstadt, Sam and Felleisen, Matthias},
title = {The Design and Implementation of Typed Scheme},
year = {2008},
isbn = {9781595936899},
publisher = {Association for Computing Machinery},
address = {New York, NY, USA},
url = {https://doi.org/10.1145/1328438.1328486},
doi = {10.1145/1328438.1328486},
abstract = {When scripts in untyped languages grow into large programs, maintaining them becomes difficult. A lack of types in typical scripting languages means that programmers must (re)discover critical pieces of design information every time they wish to change a program. This analysis step both slows down the maintenance process and may even introduce mistakes due to the violation of undiscovered invariants.This paper presents Typed Scheme, an explicitly typed extension of an untyped scripting language. Its type system is based on the novel notion of occurrence typing, which we formalize and mechanically prove sound. The implementation of Typed Scheme additionally borrows elements from a range of approaches, including recursive types, true unions and subtyping, plus polymorphism combined with a modicum of local inference. Initial experiments with the implementation suggest that Typed Scheme naturally accommodates the programming style of the underlying scripting language, at least for the first few thousand lines of ported code.},
booktitle = {Proceedings of the 35th Annual ACM SIGPLAN-SIGACT Symposium on Principles of Programming Languages},
pages = {395–406},
numpages = {12},
keywords = {type systems, scheme},
location = {San Francisco, California, USA},
series = {POPL '08}
}

@inproceedings{castagna:settheoretic,
author = {Castagna, Giuseppe and Nguyen, Kim and Xu, Zhiwu and Im, Hyeonseung and Lenglet, Sergue\"{\i} and Padovani, Luca},
title = {Polymorphic Functions with Set-Theoretic Types: Part 1: Syntax, Semantics, and Evaluation},
year = {2014},
isbn = {9781450325448},
publisher = {Association for Computing Machinery},
address = {New York, NY, USA},
url = {https://doi.org/10.1145/2535838.2535840},
doi = {10.1145/2535838.2535840},
abstract = {This article is the first part of a two articles series about a calculus with higher-order polymorphic functions, recursive types with arrow and product type constructors and set-theoretic type connectives (union, intersection, and negation).In this first part we define and study the explicitly-typed version of the calculus in which type instantiation is driven by explicit instantiation annotations. In particular, we define an explicitly-typed lambda-calculus with intersection types and an efficient evaluation model for it. In the second part, presented in a companion paper, we define a local type inference system that allows the programmer to omit explicit instantiation annotations, and a type reconstruction system that allows the programmer to omit explicit type annotations.The work presented in the two articles provides the theoretical foundations and technical machinery needed to design and implement higher-order polymorphic functional languages for semi-structured data.},
booktitle = {Proceedings of the 41st ACM SIGPLAN-SIGACT Symposium on Principles of Programming Languages},
pages = {5–17},
numpages = {13},
keywords = {xml, intersection types, types, polymorphism},
location = {San Diego, California, USA},
series = {POPL '14}
}


@misc{javadoc,
  title={The Java language specification},
  author={Gosling, James and Joy, Bill and Steele, Guy and Bracha, Gilad and Buckley, Alex and Smith, Daniel and Bierman, Gavin},
  url={https://docs.oracle.com/javase/specs/jls/se14/html/index.html},
  year = {2021}
}

@article{routley1972semantics,
  title={The semantics of entailment—III},
  author={Routley, Richard and Meyer, Robert K},
  journal={Journal of philosophical logic},
  volume={1},
  number={2},
  pages={192--208},
  year={1972},
  publisher={Springer}
}

@techreport{van2000minimal,
  title={The minimal relevant logic and the call-by-value lambda calculus},
  author={van Bakel, Steffen and Dezani-Ciancaglini, Mariangiola and de’Liguoro, Ugo and Motohoma, Yoko},
  year={2000},
  institution={Citeseer}
}

@article{van1969report,
  title={Report on the algorithmic language ALGOL 68},
  author={Van Wijngaarden, Adriaan and Mailloux, Barry J and Peck, John EL and Koster, Cornelius HA and Sintzoff, M and Lindsey, CH and Meertens, LGLT and Fisker, RG},
  journal={Numerische Mathematik},
  volume={14},
  number={1},
  pages={79--218},
  year={1969},
  publisher={Springer}
}

@book{van2012revised,
  title={Revised report on the algorithmic language Algol 68},
  author={van Wijngaarden, Adriaan and Mailloux, Barry James and Peck, John Edward Lancelot and Koster, Cornelis HA and Lindsey, CH and Sintzoff, M and Meertens, Lambert GLT and Fisker, RG},
  year={2012},
  publisher={Springer Science \& Business Media}
}

@techreport{odersky2004overview,
  title={An overview of the Scala programming language},
  author={Odersky, Martin and Altherr, Philippe and Cremet, Vincent and Emir, Burak and Maneth, Sebastian and Micheloud, St{\'e}phane and Mihaylov, Nikolay and Schinz, Michel and Stenman, Erik and Zenger, Matthias},
  year={2004}
}

@article{chaudhuri2015flow,
  title={Flow: a static type checker for JavaScript},
  author={Chaudhuri, Avik},
  journal={SPLASH-I In Systems, Programming, Languages and Applications: Software for Humanity},
  year={2015}
}

@inproceedings{bierman2014understanding,
  title={Understanding typescript},
  author={Bierman, Gavin and Abadi, Mart{\'\i}n and Torgersen, Mads},
  booktitle={European Conference on Object-Oriented Programming},
  pages={257--281},
  year={2014},
  organization={Springer}
}

@misc{king2013ceylon,
  title={The Ceylon language specification, version 1.0},
  author={King, Gavin},
  year={2013},
  publisher={November}
}

@misc{kotlin,
  title={Kotlin programming language},
  author={Kotlin, Foundation},
  year={2021},
  url={https://kotlinlang.org/}
}

@misc{swift,
  title={ Swift language guide},
  author={Apple, Inc},
  year={2021},
  url={https://docs.swift.org/swift-book/LanguageGuide/TheBasics.html}
}

@inproceedings{cartwright1991soft,
  title={Soft typing},
  author={Cartwright, Robert and Fagan, Mike},
  booktitle={Proceedings of the ACM SIGPLAN 1991 conference on Programming language design and implementation},
  pages={278--292},
  year={1991}
}

@book{pierce2002types,
author = {Pierce, Benjamin C.},
title = {Types and Programming Languages},
year = {2002},
isbn = {0262162091},
publisher = {The MIT Press},
edition = {1st}
}

@article{pierce2010software,
  title={Software foundations},
  author={Pierce, Benjamin C and Casinghino, Chris and Gaboardi, Marco and Greenberg, Michael and Hri{\c{t}}cu, C{\u{a}}t{\u{a}}lin and Sj{\"o}berg, Vilhelm and Yorgey, Brent},
  journal={Webpage: http://www. cis. upenn. edu/bcpierce/sf/current/index. html},
  year={2010}
}

@misc{scala3doc,
  title={Scala 3: A next generation compiler for Scala},
  author={Odersky, Martin},
  year = {2021},
  url={https://dotty.epfl.ch}
}

@InProceedings{bi:fiplus,
author="Bi, Xuan and Xie, Ningning and Oliveira, Bruno C. d. S. and Schrijvers, Tom",
editor="Caires, Lu{\'i}s",
title="Distributive Disjoint Polymorphism for Compositional Programming",
booktitle="Programming Languages and Systems",
year="2019",
publisher="Springer International Publishing",
address="Cham",
pages="381--409",
abstract="Popular programming techniques such as shallow embeddings of Domain Specific Languages (DSLs), finally tagless or object algebras are built on the principle of compositionality. However, existing programming languages only support simple compositional designs well, and have limited support for more sophisticated ones.",
isbn="978-3-030-17184-1"
}

@inproceedings{papi2008practical,
  title={Practical pluggable types for Java},
  author={Papi, Matthew M and Ali, Mahmood and Correa Jr, Telmo Luis and Perkins, Jeff H and Ernst, Michael D},
  booktitle={Proceedings of the 2008 international symposium on Software testing and analysis},
  pages={201--212},
  year={2008}
}

@inproceedings{banerjee2019nullaway,
  title={Nullaway: Practical type-based null safety for java},
  author={Banerjee, Subarno and Clapp, Lazaro and Sridharan, Manu},
  booktitle={Proceedings of the 2019 27th ACM Joint Meeting on European Software Engineering Conference and Symposium on the Foundations of Software Engineering},
  pages={740--750},
  year={2019}
}

@article{huang2021distributing,
  title={Distributing intersection and union types with splits and duality (functional pearl)},
  author={Huang, Xuejing and Oliveira, Bruno C d S},
  journal={Proceedings of the ACM on Programming Languages},
  volume={5},
  number={ICFP},
  pages={1--24},
  year={2021},
  publisher={ACM New York, NY, USA}
}

@article{chaudhuri2017fast,
  title={Fast and precise type checking for JavaScript},
  author={Chaudhuri, Avik and Vekris, Panagiotis and Goldman, Sam and Roch, Marshall and Levi, Gabriel},
  journal={Proceedings of the ACM on Programming Languages},
  volume={1},
  number={OOPSLA},
  pages={1--30},
  year={2017},
  publisher={ACM New York, NY, USA}
}

@article{bezanson2012julia,
  title={Julia: A fast dynamic language for technical computing},
  author={Bezanson, Jeff and Karpinski, Stefan and Shah, Viral B and Edelman, Alan},
  journal={arXiv preprint arXiv:1209.5145},
  year={2012}
}

@article{zappa2018julia,
  title={Julia subtyping: a rational reconstruction},
  author={Zappa Nardelli, Francesco and Belyakova, Julia and Pelenitsyn, Artem and Chung, Benjamin and Bezanson, Jeff and Vitek, Jan},
  journal={Proceedings of the ACM on Programming Languages},
  volume={2},
  number={OOPSLA},
  pages={1--27},
  year={2018},
  publisher={ACM New York, NY, USA}
}

@article{ancona2016semantic,
  title={Semantic subtyping for imperative object-oriented languages},
  author={Ancona, Davide and Corradi, Andrea},
  journal={ACM SIGPLAN Notices},
  volume={51},
  number={10},
  pages={568--587},
  year={2016},
  publisher={ACM New York, NY, USA}
}

@inproceedings{ancona2014sound,
  title={Sound and complete subtyping between coinductive types for object-oriented languages},
  author={Ancona, Davide and Corradi, Andrea},
  booktitle={European Conference on Object-Oriented Programming},
  pages={282--307},
  year={2014},
  organization={Springer}
}

@incollection{dardha2013semantic,
  title={Semantic subtyping for objects and classes},
  author={Dardha, Ornela and Gorla, Daniele and Varacca, Daniele},
  booktitle={Formal Techniques for Distributed Systems},
  pages={66--82},
  year={2013},
  publisher={Springer}
}

@inproceedings{igarashi2006union,
  title={Union types for object-oriented programming},
  author={Igarashi, Atsushi and Nagira, Hideshi},
  booktitle={Proceedings of the 2006 ACM symposium on Applied computing},
  pages={1435--1441},
  year={2006}
}

@inproceedings{canning1989f,
  title={F-bounded polymorphism for object-oriented programming},
  author={Canning, Peter and Cook, William and Hill, Walter and Olthoff, Walter and Mitchell, John C},
  booktitle={Proceedings of the fourth international conference on functional programming languages and computer architecture},
  pages={273--280},
  year={1989}
}

@article{matchtypes2022,
author = {Blanvillain, Olivier and Brachth\"{a}user, Jonathan Immanuel and Kjaer, Maxime and Odersky, Martin},
title = {Type-Level Programming with Match Types},
year = {2022},
issue_date = {January 2022},
publisher = {Association for Computing Machinery},
address = {New York, NY, USA},
volume = {6},
number = {POPL},
url = {https://doi.org/10.1145/3498698},
doi = {10.1145/3498698},
journal = {Proc. ACM Program. Lang.},
month = {jan},
articleno = {37},
numpages = {24},
keywords = {Match types, Scala}
}

@misc{ceylonoverloading,
  title={Overloading in Ceylon},
  author={Tate, Ross},
  year = {2011},
  url={https://github.com/ceylon/ceylon-spec/issues/73}
}

@misc{ceylondisjointness,
  title={Disjointness in Ceylon},
  author={King, Gavin},
  year={2016},
  url={http://web.mit.edu/ceylon_v1.3.3/ceylon-1.3.3/doc/en/spec/html_single}
}

@misc{typescriptdoc,
  title={Union Types in TypeScript},
  author={Microsoft, Corporation},
  year = {2023},
  url={https://www.typescriptlang.org/docs/handbook/unions-and-intersections.html}
}

@inproceedings{xue2022applicative,
  title={Applicative Intersection Types},
  author={Xue, Xu and Oliveira, Bruno C d S and Xie, Ningning},
  booktitle={Programming Languages and Systems: 20th Asian Symposium, APLAS 2022, Auckland, New Zealand, December 5, 2022, Proceedings},
  pages={155--174},
  year={2022},
  organization={Springer}
}

@article{castagna2022type,
  title={On type-cases, union elimination, and occurrence typing},
  author={Castagna, Giuseppe and Laurent, Micka{\"e}l and Nguyen, Kim and Lutze, Matthew},
  journal={Proceedings of the ACM on Programming Languages},
  volume={6},
  number={POPL},
  pages={75},
  year={2022}
}

@article{rioux2023bowtie,
  title={A Bowtie for a Beast: Overloading, Eta Expansion, and Extensible Data Types in F⋈},
  author={Rioux, Nick and Huang, Xuejing and Oliveira, Bruno C d S and Zdancewic, Steve},
  journal={Proceedings of the ACM on Programming Languages},
  volume={7},
  number={POPL},
  pages={515--543},
  year={2023},
  publisher={ACM New York, NY, USA}
}

@article{park2019polymorphic,
  title={Polymorphic symmetric multiple dispatch with variance},
  author={Park, Gyunghee and Hong, Jaemin and Steele Jr, Guy L and Ryu, Sukyoung},
  journal={Proceedings of the ACM on Programming Languages},
  volume={3},
  number={POPL},
  pages={1--28},
  year={2019},
  publisher={ACM New York, NY, USA}
}

@inproceedings{stroustrup1986overview,
  title={An overview of C++},
  author={Stroustrup, Bjarne},
  booktitle={Proceedings of the 1986 SIGPLAN workshop on Object-oriented programming},
  pages={7--18},
  year={1986}
}

@book{goldberg1983smalltalk,
  title={Smalltalk-80: the language and its implementation},
  author={Goldberg, Adele and Robson, David},
  year={1983},
  publisher={Addison-Wesley Longman Publishing Co., Inc.}
}

@inproceedings{castagna2014polymorphic,
  title={Polymorphic functions with set-theoretic types: part 1: syntax, semantics, and evaluation},
  author={Castagna, Giuseppe and Nguyen, Kim and Xu, Zhiwu and Im, Hyeonseung and Lenglet, Sergue{\"\i} and Padovani, Luca},
  booktitle={Proceedings of the 41st ACM SIGPLAN-SIGACT Symposium on Principles of Programming Languages},
  pages={5--17},
  year={2014}
}

@inproceedings{bourdoncle1997type,
  title={Type checking higher-order polymorphic multi-methods},
  author={Bourdoncle, Fran{\c{c}}ois and Merz, Stephan},
  booktitle={Proceedings of the 24th ACM SIGPLAN-SIGACT symposium on Principles of programming languages},
  pages={302--315},
  year={1997}
}

@article{clifton2006multijava,
  title={MultiJava: Design rationale, compiler implementation, and applications},
  author={Clifton, Curtis and Millstein, Todd and Leavens, Gary T and Chambers, Craig},
  journal={ACM Transactions on Programming Languages and Systems (TOPLAS)},
  volume={28},
  number={3},
  pages={517--575},
  year={2006},
  publisher={ACM New York, NY, USA}
}

@article{cardelli1996type,
  title={Type systems},
  author={Cardelli, Luca},
  journal={ACM Computing Surveys (CSUR)},
  volume={28},
  number={1},
  pages={263--264},
  year={1996},
  publisher={ACM New York, NY, USA}
}

@book{gosling2000java,
  title={The Java language specification},
  author={Gosling, James and Joy, Bill and Steele, Guy and Bracha, Gilad},
  year={2000},
  publisher={Addison-Wesley Professional}
}

@book{crockford2008javascript,
  title={JavaScript: The Good Parts: The Good Parts},
  author={Crockford, Douglas},
  year={2008},
  publisher={" O'Reilly Media, Inc."}
}

@book{van1995python,
  title={Python reference manual},
  author={Van Rossum, Guido and Drake, Fred L and others},
  year={1995},
  publisher={Centrum voor Wiskunde en Informatica Amsterdam}
}

@book{curry1958combinatory,
  title={Combinatory logic},
  author={Curry, Haskell Brooks and Feys, Robert and Craig, William and Hindley, J Roger and Seldin, Jonathan P},
  volume={1},
  year={1958},
  publisher={North-Holland Amsterdam}
}

%%%%%%%%%%%%%%%%%%%%%%%%%%%%%%%%%%%%%%%%%%%
%%%%%%%%%%%%%%%%%%%%%%%%%%%%%%%%%%%%%%%%%%%
%%
%%         DuoTyping Citations
%%
%%%%%%%%%%%%%%%%%%%%%%%%%%%%%%%%%%%%%%%%%%%
%%%%%%%%%%%%%%%%%%%%%%%%%%%%%%%%%%%%%%%%%%%


@BOOK{Andrews86,
  title = {An Introduction to Mathematical Logic and Type Theory: To Truth through
  Proof},
  publisher = {Academic Press, Inc.},
  year = {1986},
  author = {Peter B. Andrews},
  annote = {Tenho fotocopias}
}

@Book{MacLane:cwm,
  author =   {Saunders Mac Lane},
  title =    {Categories for the Working Mathematician},
  publisher =    {Springer},
  year =   {1998},
  number =   {5},
  series =   {Graduate Texts in Mathematics},
  edition =    {2},
}

@inproceedings{amin2012dependent,
  title={Dependent object types},
  author={Amin, Nada and Moors, Adriaan and Odersky, Martin},
  booktitle={19th International Workshop on Foundations of Object-Oriented Languages},
  number={CONF},
  year={2012}
}

@inproceedings{rompf2016type,
author = {Rompf, Tiark and Amin, Nada},
title = {Type Soundness for Dependent Object Types (DOT)},
year = {2016},
booktitle = {Proceedings of the 2016 ACM SIGPLAN International Conference on Object-Oriented Programming, Systems, Languages, and Applications},
series = {OOPSLA 2016}
}

@article{barras1997coq,
  title={The Coq proof assistant reference manual: Version 6.1},
  author={Barras, Bruno and Boutin, Samuel and Cornes, Cristina and Courant, Judicael and Filliatre, Jean-Christophe and Gimenez, Eduardo and Herbelin, Hugo and Huet, Gerard and Munoz, Cesar and Murthy, Chetan and others},
  year={1997}
}

@article{steffen1994higher,
  title={Higher-order subtyping},
  author={Steffen, Martin and Pierce, Benjamin},
  year={1994},
  publisher={Citeseer}
}

@inproceedings{abel2008syntactic,
  title={Syntactic metatheory of higher-order subtyping},
  author={Abel, Andreas and Rodriguez, Dulma},
  booktitle={International Workshop on Computer Science Logic},
  pages={446--460},
  year={2008},
  organization={Springer}
}

@incollection{barwise1981generalized,
  title={Generalized quantifiers and natural language},
  author={Barwise, Jon and Cooper, Robin},
  booktitle={Philosophy, language, and artificial intelligence},
  pages={241--301},
  year={1981},
  publisher={Springer}
}

@book{riehl2017category,
  title={Category theory in context},
  author={Riehl, Emily},
  year={2017},
  publisher={Courier Dover Publications}
}

@article{uustalu2008comonadic,
  title={Comonadic notions of computation},
  author={Uustalu, Tarmo and Vene, Varmo},
  journal={Electronic Notes in Theoretical Computer Science},
  volume={203},
  number={5},
  pages={263--284},
  year={2008},
  publisher={Elsevier}
}

@article{chargueraud-11-ln,
  author = "Arthur Chargu{\'e}raud",
  title = "The Locally Nameless Representation",
  journal = "Journal of Automated Reasoning",
  publisher = "Springer Netherlands",
  year = "2011"
}

@InProceedings{dunfield2013complete,
    author =    {Joshua Dunfield and Neelakantan R. Krishnaswami},
    title =     {Complete and Easy Bidirectional Typechecking for Higher-Rank Polymorphism},
    booktitle = {ICFP},
    year =      {2013},
  }

@inproceedings{bi2019distributive,
  title={Distributive Disjoint Polymorphism for Compositional Programming},
  author={Bi, Xuan and Xie, Ningning and Oliveira, Bruno C. d. S. and Schrijvers, Tom},
  booktitle={European Symposium on Programming},
  pages={381--409},
  year={2019},
  organization={Springer}
}

@article{local,
author = {Pierce, Benjamin C. and Turner, David N.},
title = {Local Type Inference},
year = {2000},
issue_date = {January 2000},
publisher = {Association for Computing Machinery},
volume = {22},
number = {1},
journal = {ACM Trans. Program. Lang. Syst.}
}

@InProceedings{igarashi:2002:variance,
  Address =  {Malaga, Spain},
  Author =   {Atsushi Igarashi and Mirko Viroli},
  Booktitle =  "ecoop",
  Month =  jun,
  Note =   {To appear in {ACM Transactions on Programming
                  Languages and Systems}.},
  Pages =  {441--469},
  Publisher =  "sv",
  Title =  {On Variance-Based Subtyping for Parametric Types},
  Year =   2002
}

@article{dosen1989,
author = "Došen, Kosta",
doi = "10.1305/ndjfl/1093635154",
fjournal = "Notre Dame Journal of Formal Logic",
journal = "Notre Dame J. Formal Logic",
month = "06",
number = "3",
pages = "362--381",
publisher = "Duke University Press",
title = "Logical constants as punctuation marks.",
volume = "30",
year = "1989"
}


@ARTICLE{gentzen:untersuchungen,
  AUTHOR = {Gerhard Gentzen},
  TITLE = {Untersuchungen {{\"u}ber} das logische {Schliessen}},
  JOURNAL = {Mathematische Zeitschrift},
  PAGES = {176--210, 405--431},
  VOLUME = {39},
  YEAR = {1934}
}

@inproceedings{Prawitz1979ProofsAT,
  title={Proofs and the Meaning and Completeness of the Logical Constants},
  author={Dag Prawitz},
  booktitle={Essays on Mathematical and Philosophical Logic.
  Synthese Library (Studies in Epistemology, Logic, Methodology, and Philosophy of Science)},
  year={1979}
}

@article{DaFi1992,
   year = {1992},
   title = {Representing Control: A Study of the {CPS} transformation},
   author = {Oliver Danvy and Andrzej Filinski},
   journal = {Mathematical Structures in Computer Science},
   volume = {2},
   number = {4},
   pages = {361-391},
   month = {December},
   format = {ps},
}

@book{BirddeMoor96:Algebra,
  title = "The Algebra of Programming",
  author = "Richard Bird and Oege de Moor",
  year = "1996",
  isbn = "013507245X",
  publisher = "Prentice-Hall",
  url = "http://www.cs.ox.ac.uk/publications/books/algebra/",
}

@article{bessai2015typing,
  title={Typing classes and mixins with intersection types},
  author={Bessai, Jan and D{\"u}dder, Boris and Dudenhefner, Andrej and Chen, Tzu-Chun and de'Liguoro, Ugo},
  journal={arXiv preprint arXiv:1503.04911},
  year={2015}
}


@inproceedings{van1993checking,
  title={Checking algorithms for pure type systems},
  author={van Benthem Jutting, LS and McKinna, James and Pollack, Robert},
  booktitle={International Workshop on Types for Proofs and Programs},
  pages={19--61},
  year={1993},
  organization={Springer}
}

@inproceedings{mckinna1993pure,
  title={Pure type systems formalized},
  author={McKinna, James and Pollack, Robert},
  booktitle={International Conference on Typed Lambda Calculi and Applications},
  pages={289--305},
  year={1993},
  organization={Springer}
}

@article{adams2006pure,
  title={Pure type systems with judgemental equality},
  author={Adams, Robin},
  journal={Journal of Functional Programming},
  volume={16},
  number={2},
  pages={219--246},
  year={2006},
  publisher={Cambridge University Press}
}

@article{jutting1993typing,
  title={Typing in pure type systems},
  author={Jutting, LSV},
  journal={Information and Computation},
  volume={105},
  number={1},
  pages={30--41},
  year={1993},
  publisher={Academic Press}
}

@inproceedings{severi1994pure,
  title={Pure type systems with definitions},
  author={Severi, Paula and Poll, Erik},
  booktitle={International Symposium on Logical Foundations of Computer Science},
  pages={316--328},
  year={1994},
  organization={Springer}
}

@inproceedings{zwanenburg1999pure,
  title={Pure type systems with subtyping},
  author={Zwanenburg, Jan},
  booktitle={International Conference on Typed Lambda Calculi and Applications},
  pages={381--396},
  year={1999},
  organization={Springer}
}

@article{hutchins2010pure,
author = {Hutchins, DeLesley S.},
title = {Pure Subtype Systems},
year = {2010},
booktitle = {Proceedings of the 37th Annual ACM SIGPLAN-SIGACT Symposium on Principles of Programming Languages},
series = {POPL 2010}
}

@article{dunfield2019bidirectional,
  title={Bidirectional Typing},
  author={Dunfield, Joshua and Krishnaswami, Neel},
  journal={arXiv preprint arXiv:1908.05839},
  year={2019}
}

@article{yang2017unifying,
  title={Unifying typing and subtyping},
  author={Yang, Yanpeng and Oliveira, Bruno C. d. S.},
  journal={Proceedings of the ACM on Programming Languages},
  volume={1},
  number={OOPSLA},
  pages={47},
  year={2017},
  publisher={ACM}
}

@inproceedings{amin2017type,
author = {Amin, Nada and Rompf, Tiark},
title = {Type Soundness Proofs with Definitional Interpreters},
year = {2017},
booktitle = {Proceedings of the 44th ACM SIGPLAN Symposium on Principles of Programming Languages},
numpages = {14},
series = {POPL 2017}
}


@article{pierce2002programming,
  title={Programming with intersection types, union types, and polymorphism},
  author={Pierce, Benjamin C},
  year={2002},
  publisher={figshare}
}

@inproceedings{xie2018consistent,
  title={Consistent Subtyping for All},
  author={Xie, Ningning and Bi, Xuan and Oliveira, Bruno C. d. S.},
  booktitle={European Symposium on Programming},
  pages={3--30},
  year={2018},
  organization={Springer}
}

@inproceedings{aiken1995dynamic,
  title={Dynamic typing and subtype inference},
  author={Aiken, Alexander and Fahndrich, Manuel},
  booktitle={FPCA},
  pages={182--191},
  year={1995},
  organization={Citeseer}
}

@techreport{cheney2003first,
  title={First-class phantom types},
  author={Cheney, James and Hinze, Ralf},
  year={2003},
  institution={Cornell University}
}

@article{howard1980formulae,
  title={The formulae-as-types notion of construction},
  author={Howard, William A},
  journal={To HB Curry: essays on combinatory logic, lambda calculus and formalism},
  volume={44},
  pages={479--490},
  year={1980}
}

@article{martin1984constructive,
  title={Constructive mathematics and computer programming},
  author={Martin-Lof, Per},
  journal={Philosophical Transactions of the Royal Society of London. Series A, Mathematical and Physical Sciences},
  volume={312},
  number={1522},
  pages={501--518},
  year={1984},
  publisher={The Royal Society London}
}

@book{girard1989proofs,
  title={Proofs and types},
  author={Girard, Jean-Yves and Taylor, Paul and Lafont, Yves},
  volume={7},
  year={1989},
  publisher={Cambridge university press Cambridge}
}

@inproceedings{bernardi2014duality,
  title={On duality relations for session types},
  author={Bernardi, Giovanni and Dardha, Ornela and Gay, Simon J and Kouzapas, Dimitrios},
  booktitle={International Symposium on Trustworthy Global Computing},
  pages={51--66},
  year={2014},
  organization={Springer}
}

@inproceedings{ostermann2018dualizing,
  title={Dualizing Generalized Algebraic Data Types by Matrix Transposition},
  author={Ostermann, Klaus and Jabs, Julian},
  booktitle={European Symposium on Programming},
  pages={60--85},
  year={2018},
  organization={Springer}
}

@article{binder2019decomposition,
  title={Decomposition diversity with symmetric data and codata},
  author={Binder, David and Jabs, Julian and Skupin, Ingo and Ostermann, Klaus},
  journal={Proceedings of the ACM on Programming Languages},
  volume={4},
  number={POPL},
  pages={30},
  year={2019},
  publisher={ACM}
}

@article{nanevski2008contextual,
  title={Contextual modal type theory},
  author={Nanevski, Aleksandar and Pfenning, Frank and Pientka, Brigitte},
  journal={ACM Transactions on Computational Logic (TOCL)},
  volume={9},
  number={3},
  pages={23},
  year={2008},
  publisher={ACM}
}

@article{simpson1994proof,
  title={The proof theory and semantics of intuitionistic modal logic},
  author={Simpson, Alex K},
  year={1994},
  publisher={University of Edinburgh. College of Science and Engineering. School of~…}
}

@article{cardelli1994extension,
  title={An extension of system F with subtyping},
  author={Cardelli, Luca and Martini, Simone and Mitchell, John C and Scedrov, Andre},
  journal={Information and Computation},
  volume={109},
  number={1-2},
  pages={4--56},
  year={1994},
  publisher={Elsevier}
}

@article{compagnoni1996higher,
  title={Higher-order intersection types and multiple inheritance},
  author={Compagnoni, Adriana B and Pierce, Benjamin C},
  journal={Mathematical Structures in Computer Science},
  volume={6},
  number={5},
  pages={469--501},
  year={1996},
  publisher={Cambridge University Press}
}

@inproceedings{bi2018essence,
  title={The essence of nested composition},
  author={Bi, Xuan and Oliveira, Bruno C d S and Schrijvers, Tom},
  booktitle={32nd European Conference on Object-Oriented Programming (ECOOP 2018)},
  year={2018},
  organization={Schloss Dagstuhl-Leibniz-Zentrum fuer Informatik}
}

@inproceedings{bi2018typed,
  title={Typed first-class traits},
  author={Bi, Xuan and Oliveira, Bruno C d S},
  booktitle={32nd European Conference on Object-Oriented Programming (ECOOP 2018)},
  year={2018},
  organization={Schloss Dagstuhl-Leibniz-Zentrum fuer Informatik}
}

@inproceedings{xie2020row,
  title={Row and bounded polymorphism via disjoint polymorphism},
  author={Xie, Ningning and Oliveira, Bruno C d S and Bi, Xuan and Schrijvers, Tom},
  booktitle={34th European Conference on Object-Oriented Programming (ECOOP 2020)},
  year={2020},
  organization={Schloss Dagstuhl-Leibniz-Zentrum f{\"u}r Informatik}
}

@incollection{reynolds1997design,
  title={Design of the Programming Language F orsythe},
  author={Reynolds, John C},
  booktitle={ALGOL-like languages},
  pages={173--233},
  year={1997},
  publisher={Springer}
}

@inproceedings{dolan2017polymorphism,
  title={Polymorphism, subtyping, and type inference in MLsub},
  author={Dolan, Stephen and Mycroft, Alan},
  booktitle={Proceedings of the 44th ACM SIGPLAN Symposium on Principles of Programming Languages},
  pages={60--72},
  year={2017}
}

@InProceedings{rehman_et_al:LIPIcs.ECOOP.2022.25,
  author =  {Rehman, Baber and Huang, Xuejing and Xie, Ningning and Oliveira, Bruno C. d. S.},
  title = {{Union Types with Disjoint Switches}},
  booktitle = {36th European Conference on Object-Oriented Programming (ECOOP 2022)},
  pages = {25:1--25:31},
  series =  {Leibniz International Proceedings in Informatics (LIPIcs)},
  ISBN =  {978-3-95977-225-9},
  ISSN =  {1868-8969},
  year =  {2022},
  volume =  {222},
  editor =  {Ali, Karim and Vitek, Jan},
  publisher = {Schloss Dagstuhl -- Leibniz-Zentrum f{\"u}r Informatik},
  address = {Dagstuhl, Germany},
  URL =   {https://drops.dagstuhl.de/opus/volltexte/2022/16253},
  URN =   {urn:nbn:de:0030-drops-162531},
  doi =   {10.4230/LIPIcs.ECOOP.2022.25},
  annote =  {Keywords: Union types, switch expression, disjointness, intersection types}
}


@InProceedings{oliveira_et_al:LIPIcs:2020:13186,
  author =  {Bruno C. d. S. Oliveira and Cui Shaobo and Baber Rehman},
  title = {{The Duality of Subtyping}},
  booktitle = {34th European Conference on Object-Oriented Programming (ECOOP 2020)},
  pages = {29:1--29:29},
  series =  {Leibniz International Proceedings in Informatics (LIPIcs)},
  ISBN =  {978-3-95977-154-2},
  ISSN =  {1868-8969},
  year =  {2020},
  volume =  {166},
  editor =  {Robert Hirschfeld and Tobias Pape},
  publisher = {Schloss Dagstuhl--Leibniz-Zentrum f{\"u}r Informatik},
  address = {Dagstuhl, Germany},
  URL =   {https://drops.dagstuhl.de/opus/volltexte/2020/13186},
  URN =   {urn:nbn:de:0030-drops-131864},
  doi =   {10.4230/LIPIcs.ECOOP.2020.29},
  annote =  {Keywords: DuoTyping, OOP, Duality, Subtyping, Supertyping}
}


@book{copi2018introduction,
  title={Introduction to logic},
  author={Copi, Irving M and Cohen, Carl and Rodych, Victor},
  year={2018},
  publisher={Routledge}
}